% This file was created with JabRef 2.4.
% Encoding: Cp1252

@ARTICLE{INTROIRC,
  author = {David Caraballo, Joseph Lo},
  title = {Introdução ao IRC},
  year = {2000},
  url = {http://www.irchelp.org/irchelp/misc/ptnew2irc.html}
}

@ARTICLE{TORRESOSI,
  author = {Gabriel Torres, Cássio Lima},
  title = {O Modelo de Referência OSI para Protocolos de Rede},
  year = {2007},
  url = {http://www.clubedohardware.com.br/artigos/1349}
}

@ARTICLE{VENTURAOSI,
  author = {Plínio Ventura},
  title = {O Modelo OSI e suas 7 camadas},
  year = {2002},
  url = {http://imasters.uol.com.br/artigo/882/redes/o_modelo_osi_e_suas_7_camadas/}
}
