% This file was created with JabRef 2.4.
% Encoding: Cp1252

@ARTICLE{mpi1,
  author = {MPI: A Message-Passing Interface Standard Version 1.3},
  title = {http://www-unix.mcs.anl.gov/mpi},
  year = {2008},
  pages = {http://www-unix.mcs.anl.gov/mpi},
  text = {texto},
  url = {http://www-unix.mcs.anl.gov/mpi}
}

@ARTICLE{mpi2,
  author = {MPI: A Message-Passing Interface Standard Version 2.1},
  title = {http://www.mcs.anl.gov/research/projects/mpich2},
  year = {2008},
  text = {texto},
  url = {http://www.mcs.anl.gov/research/projects/mpich2}
}

@ARTICLE{navaux,
  author = {Prof. Philippe O. A. Navaux},
  year = {2002},
  url = {http://www.inf.ufrgs.br/procpar/disc/cmp134/trabs/T2/981/mpi.html}
}

@ARTICLE{palin,
  author = {Marcelo Facio Palin},
  title = {T\'ecnicas de Decomposi\c{c}\~ao de Dom\'inio em Computa\c{c}\~ao
	Paralela para simula\c{c}\~ao de campos eletromagn\'eticos pelo M\'etodo
	dos Elementos Finitos},
  year = {2007},
  text = {Tese}
}

@PHDTHESIS{palintese,
  author = {Marcelo Facio Palin},
  title = {T\'ecnicas de Decomposi\c{c}\~ao de Dom\'inio em Computa\c{c}\~ao
	Paralela para simula\c{c}\~ao de campos eletromagn\'eticos pelo M\'etodo
	dos Elementos Finitos},
  school = {Escola PolitÈcnica da Universidade de S„o Paulo},
  year = {2007},
  owner = {mpi},
  timestamp = {2008.11.27}
}

@ARTICLE{insciti,
  author = {Prof. Dr. Marcelo Facio Palin},
  title = {Compilando e Testando a biblioteca MPI},
  year = {2008},
  url = {http://www.insciti.com.br/ead/moodle/mod/resource/view.php?id=63}
}

@ARTICLE{santos,
  author = {Tamara Hayashi Santos},
  title = {MPI - Message Passing Interface},
  year = {2002},
  url = {http://www.pr.gov.br/batebyte/edicoes/2002/bb120/estagiario.htm}
}

@ARTICLE{silvaopenmp,
  author = {Fernando Silva},
  title = {Introdu\c{c}\~ao ao OpenMP},
  year = {2008},
  url = {http://www.dcc.fc.up.pt/~fds/aulas/PPD/0708/intro_openmp-1x2.pdf}
}

@ARTICLE{openmpi,
  author = {Open MPI Team},
  title = {http://www.open-mpi.org/},
  year = {2008},
  url = {http://www.open-mpi.org/}
}

@ARTICLE{camargo,
  title = {MPI \'e Message Passing Interface Uma breve introdu\c{c}\~ao},
  year = {2007},
  autor = {Raphael Y. de Camargo, Ricardo Andrade},
  country = {Brasil},
  institute = {Departamento de Ci√™ncia da Computa√ß√£o Instituto de Matem√°tica
	e Estat√≠stica Universidade de S√£o Paulo}
}

